@article{gillespie1976general,
  title={A general method for numerically simulating the stochastic time evolution of coupled chemical reactions},
  author={Gillespie, Daniel T},
  journal={Journal of computational physics},
  volume={22},
  number={4},
  pages={403--434},
  year={1976},
  publisher={Elsevier}
}

@article{gillespie1977exact,
  title={Exact stochastic simulation of coupled chemical reactions},
  author={Gillespie, Daniel T},
  journal={The journal of physical chemistry},
  volume={81},
  number={25},
  pages={2340--2361},
  year={1977},
  publisher={ACS Publications}
}

@article{anderson2007modified,
  title={A modified next reaction method for simulating chemical systems with time dependent propensities and delays},
  author={Anderson, David F},
  journal={The Journal of chemical physics},
  volume={127},
  number={21},
  pages={214107},
  year={2007},
  publisher={AIP Publishing}
}
